@article{elbir2022family,
	title={A Family of Hybrid Federated and CentralizedLearning Architectures in Machine Learning},
	author={Elbir, Ahmet M and Coleri, Sinem and Papazafeiropoulos, Anastasios K and Kourtessis, Pandelis and Chatzinotas, Symeon},
	journal={IEEE Transactions on Cognitive Communications and Networking},
	year={2022},
	publisher={Institute of Electrical and Electronics Engineers, United States}
}

@article{zhou2019edge,
	title={Edge intelligence: Paving the last mile of artificial intelligence with edge computing},
	author={Zhou, Zhi and Chen, Xu and Li, En and Zeng, Liekang and Luo, Ke and Zhang, Junshan},
	journal={Proceedings of the IEEE},
	volume={107},
	number={8},
	pages={1738--1762},
	year={2019},
	publisher={IEEE}
}

@misc{federated_learning,
	title = {Decentralized X: Aggregating Heterogeneous and Decentralized AIs},
	author = {Tomas},
	howpublished ={https://www.omron.com/global/en/technology/information/dcx},
	note = {\color{black}{[Accessed: 17 Apr 2024]}}
}

@article{smith2017federated,
	title={Federated multi-task learning},
	author={Smith, Virginia and Chiang, Chao-Kai and Sanjabi, Maziar and Talwalkar, Ameet S},
	journal={Advances in neural information processing systems},
	volume={30},
	year={2017}
}

@misc{brendan2017federated,
	title={Federated Learning: Collaborative Machine Learning without Centralized Training Data},
	author={Brendan McMahan, Daniel Ramage},
	howpublished={https://research.google/blog/federated-learning-collaborative-machine-learning-without-centralized-training-data/},
	note = {\color{black}{[Accessed: 20 Mar 2022]}},
	year={\color{black}{06 Apr 2017}},
	publisher={\color{black}{Google AI Blog}},
}

@article{li2020federated,
	title={Federated learning: Challenges, methods, and future directions},
	author={Li, Tian and Sahu, Anit Kumar and Talwalkar, Ameet and Smith, Virginia},
	journal={IEEE signal processing magazine},
	volume={37},
	number={3},
	pages={50--60},
	year={2020},
	publisher={IEEE}
}

@misc{mahtab2022algorithm,
	title={Algorithm development and performance analysis for adaptive differential privacy in federated learning},
	author={Mahtab Talaei},
	year={21 Aug 2022},
	type={Master Dissertation},
	publisher={Isfahan University of Technology},
}

@misc{rieke2019what,
	title={What Is Federated Learning?},
	author={Nicola Rieke},
	howpublished ={https://blogs.nvidia.com/blog/what-is-federated-learning/},
	note = {\color{black}{[Accessed: 10 Apr 2024]}},
	year={\color{black}{13 Oct 2019}},
	publisher={\color{black}{Nvidia Blog}},
}

@article{wang2018atomo,
	title={Atomo: Communication-efficient learning via atomic sparsification},
	author={Wang, Hongyi and Sievert, Scott and Liu, Shengchao and Charles, Zachary and Papailiopoulos, Dimitris and Wright, Stephen},
	journal={Advances in neural information processing systems},
	volume={31},
	year={2018}
}

@article{konevcny2015federated,
	title={Federated optimization: Distributed optimization beyond the datacenter},
	author={Kone{\v{c}}n{\`y}, Jakub and McMahan, Brendan and Ramage, Daniel},
	journal={arXiv preprint arXiv:1511.03575},
	year={2015}
}

@article{konevcny2016federated,
	title={Federated learning: Strategies for improving communication efficiency},
	author={Kone{\v{c}}n{\`y}, Jakub and McMahan, H Brendan and Yu, Felix X and Richt{\'a}rik, Peter and Suresh, Ananda Theertha and Bacon, Dave},
	journal={arXiv preprint arXiv:1610.05492},
	year={2016}
}

@article{hasan2023security,
	title={Security and privacy issues of federated learning},
	author={Hasan, Jahid},
	journal={arXiv preprint arXiv:2307.12181},
	year={2023}
}

@article{yin2021comprehensive,
	title={A comprehensive survey of privacy-preserving federated learning: A taxonomy, review, and future directions},
	author={Yin, Xuefei and Zhu, Yanming and Hu, Jiankun},
	journal={ACM Computing Surveys (CSUR)},
	volume={54},
	number={6},
	pages={1--36},
	year={2021},
	publisher={ACM New York, NY, USA}
}

@article{fang2021privacy,
	title={Privacy-preserving and communication-efficient federated learning in internet of things},
	author={Fang, Chen and Guo, Yuanbo and Hu, Yongjin and Ma, Bowen and Feng, Li and Yin, Anqi},
	journal={Computers \& Security},
	volume={103},
	pages={102199},
	year={2021},
	publisher={Elsevier}
}

@inproceedings{mcmahan2017communication,
	title={Communication-efficient learning of deep networks from decentralized data},
	author={McMahan, Brendan and Moore, Eider and Ramage, Daniel and Hampson, Seth and y Arcas, Blaise Aguera},
	booktitle={Artificial intelligence and statistics},
	pages={1273--1282},
	year={2017},
	organization={PMLR}
}

@inproceedings{ioffe2015batch,
	title={Batch normalization: Accelerating deep network training by reducing internal covariate shift},
	author={Ioffe, Sergey and Szegedy, Christian},
	booktitle={International conference on machine learning},
	pages={448--456},
	year={2015},
	organization={pmlr}
}

@article{li2020federatedheteroneneous,
	title={Federated optimization in heterogeneous networks},
	author={Li, Tian and Sahu, Anit Kumar and Zaheer, Manzil and Sanjabi, Maziar and Talwalkar, Ameet and Smith, Virginia},
	journal={Proceedings of Machine learning and systems},
	volume={2},
	pages={429--450},
	year={2020}
}

@article{zhao2018federated,
	title={Federated learning with non-iid data},
	author={Zhao, Yue and Li, Meng and Lai, Liangzhen and Suda, Naveen and Civin, Damon and Chandra, Vikas},
	journal={arXiv preprint arXiv:1806.00582},
	year={2018}
}

@inproceedings{collins2021exploiting,
	title={Exploiting shared representations for personalized federated learning},
	author={Collins, Liam and Hassani, Hamed and Mokhtari, Aryan and Shakkottai, Sanjay},
	booktitle={International conference on machine learning},
	pages={2089--2099},
	year={2021},
	organization={PMLR}
}

@article{ma2022state,
	title={A state-of-the-art survey on solving non-IID data in Federated Learning},
	author={Ma, Xiaodong and Zhu, Jia and Lin, Zhihao and Chen, Shanxuan and Qin, Yangjie},
	journal={Future Generation Computer Systems},
	volume={135},
	pages={244--258},
	year={2022},
	publisher={Elsevier}
}

@article{jeong2018communication,
	title={Communication-efficient on-device machine learning: Federated distillation and augmentation under non-iid private data},
	author={Jeong, Eunjeong and Oh, Seungeun and Kim, Hyesung and Park, Jihong and Bennis, Mehdi and Kim, Seong-Lyun},
	journal={arXiv preprint arXiv:1811.11479},
	year={2018}
}

@inproceedings{taik2021data,
	title={Data-quality based scheduling for federated edge learning},
	author={Ta{\"\i}k, Afaf and Moudoud, Hajar and Cherkaoui, Soumaya},
	booktitle={2021 IEEE 46th Conference on Local Computer Networks (LCN)},
	pages={17--23},
	year={2021},
	organization={IEEE}
}

@article{zeng2022local,
	title={Local Epochs Inefficiency Caused by Device Heterogeneity in Federated Learning.},
	author={Zeng, Yan and Wang, Xin and Yuan, Junfeng and Zhang, Jilin and Wan, Jian},
	journal={Wireless Communications \& Mobile Computing},
	year={2022}
}

@inproceedings{sannara2021federated,
	title={A federated learning aggregation algorithm for pervasive computing: Evaluation and comparison},
	author={Sannara, EK and Portet, Fran{\c{c}}ois and Lalanda, Philippe and German, VEGA},
	booktitle={2021 IEEE International Conference on Pervasive Computing and Communications (PerCom)},
	pages={1--10},
	year={2021},
	organization={IEEE}
}

@inproceedings{qin2021mlmg,
	title={Mlmg: Multi-local and multi-global model aggregation for federated learning},
	author={Qin, Yang and Kondo, Masaaki},
	booktitle={2021 IEEE international conference on pervasive computing and communications workshops and other affiliated events (PerCom Workshops)},
	pages={565--571},
	year={2021},
	organization={IEEE}
}

@article{ma2021fedsa,
	title={FedSA: A semi-asynchronous federated learning mechanism in heterogeneous edge computing},
	author={Ma, Qianpiao and Xu, Yang and Xu, Hongli and Jiang, Zhida and Huang, Liusheng and Huang, He},
	journal={IEEE Journal on Selected Areas in Communications},
	volume={39},
	number={12},
	pages={3654--3672},
	year={2021},
	publisher={IEEE}
}

@inproceedings{li2021fedsae,
	title={FedSAE: A novel self-adaptive federated learning framework in heterogeneous systems},
	author={Li, Li and Duan, Moming and Liu, Duo and Zhang, Yu and Ren, Ao and Chen, Xianzhang and Tan, Yujuan and Wang, Chengliang},
	booktitle={2021 International Joint Conference on Neural Networks (IJCNN)},
	pages={1--10},
	year={2021},
	organization={IEEE}
}

@article{reddi2020adaptive,
	title={Adaptive federated optimization},
	author={Reddi, Sashank and Charles, Zachary and Zaheer, Manzil and Garrett, Zachary and Rush, Keith and Kone{\v{c}}n{\`y}, Jakub and Kumar, Sanjiv and McMahan, H Brendan},
	journal={arXiv preprint arXiv:2003.00295},
	year={2020}
}

@inproceedings{li2020communication,
	title={Communication-efficient collaborative learning of geo-distributed jointcloud from heterogeneous datasets},
	author={Li, Xiaoli and Liu, Nan and Chen, Chuan and Zheng, Zibin and Li, Huizhong and Yan, Qiang},
	booktitle={2020 IEEE international conference on joint cloud computing},
	pages={22--29},
	year={2020},
	organization={IEEE}
}

@article{ghosh2019robust,
	title={Robust federated learning in a heterogeneous environment},
	author={Ghosh, Avishek and Hong, Justin and Yin, Dong and Ramchandran, Kannan},
	journal={arXiv preprint arXiv:1906.06629},
	year={2019}
}

@article{itahara2021distillation,
	title={Distillation-based semi-supervised federated learning for communication-efficient collaborative training with non-iid private data},
	author={Itahara, Sohei and Nishio, Takayuki and Koda, Yusuke and Morikura, Masahiro and Yamamoto, Koji},
	journal={IEEE Transactions on Mobile Computing},
	volume={22},
	number={1},
	pages={191--205},
	year={2021},
	publisher={IEEE}
}

@inproceedings{chai2020tifl,
	title={Tifl: A tier-based federated learning system},
	author={Chai, Zheng and Ali, Ahsan and Zawad, Syed and Truex, Stacey and Anwar, Ali and Baracaldo, Nathalie and Zhou, Yi and Ludwig, Heiko and Yan, Feng and Cheng, Yue},
	booktitle={Proceedings of the 29th international symposium on high-performance parallel and distributed computing},
	pages={125--136},
	year={2020}
}

@article{jiang2019improving,
	title={Improving federated learning personalization via model agnostic meta learning},
	author={Jiang, Yihan and Kone{\v{c}}n{\`y}, Jakub and Rush, Keith and Kannan, Sreeram},
	journal={arXiv preprint arXiv:1909.12488},
	year={2019}
}

@article{zhang2021fedpd,
	title={Fedpd: A federated learning framework with adaptivity to non-iid data},
	author={Zhang, Xinwei and Hong, Mingyi and Dhople, Sairaj and Yin, Wotao and Liu, Yang},
	journal={IEEE Transactions on Signal Processing},
	volume={69},
	pages={6055--6070},
	year={2021},
	publisher={IEEE}
}

@article{corinzia2019variational,
	title={Variational federated multi-task learning},
	author={Corinzia, Luca and Beuret, Ami and Buhmann, Joachim M},
	journal={arXiv preprint arXiv:1906.06268},
	year={2019}
}

@article{shoham2019overcoming,
	title={Overcoming forgetting in federated learning on non-iid data},
	author={Shoham, Neta and Avidor, Tomer and Keren, Aviv and Israel, Nadav and Benditkis, Daniel and Mor-Yosef, Liron and Zeitak, Itai},
	journal={arXiv preprint arXiv:1910.07796},
	year={2019}
}

@article{chiu2020semisupervised,
	title={Semisupervised distributed learning with non-IID data for AIoT service platform},
	author={Chiu, Te-Chuan and Shih, Yuan-Yao and Pang, Ai-Chun and Wang, Chieh-Sheng and Weng, Wei and Chou, Chun-Ting},
	journal={IEEE Internet of Things Journal},
	volume={7},
	number={10},
	pages={9266--9277},
	year={2020},
	publisher={IEEE}
}

@article{chen1993geometry,
	title={On the geometry of feedforward neural network error surfaces},
	author={Chen, An Mei and Lu, Haw-minn and Hecht-Nielsen, Robert},
	journal={Neural computation},
	volume={5},
	number={6},
	pages={910--927},
	year={1993},
	publisher={MIT Press}
}

@article{orhan2017skip,
	title={Skip connections eliminate singularities},
	author={Orhan, A Emin and Pitkow, Xaq},
	journal={arXiv preprint arXiv:1701.09175},
	year={2017}
}

@article{lecun1990second,
	title={Second order properties of error surfaces: Learning time and generalization},
	author={LeCun, Yann and Kanter, Ido and Solla, Sara},
	journal={Advances in neural information processing systems},
	volume={3},
	year={1990}
}

@inproceedings{kornblith2019similarity,
	title={Similarity of neural network representations revisited},
	author={Kornblith, Simon and Norouzi, Mohammad and Lee, Honglak and Hinton, Geoffrey},
	booktitle={International conference on machine learning},
	pages={3519--3529},
	year={2019},
	organization={PMLR}
}

@inproceedings{gretton2005measuring,
	title={Measuring statistical dependence with Hilbert-Schmidt norms},
	author={Gretton, Arthur and Bousquet, Olivier and Smola, Alex and Sch{\"o}lkopf, Bernhard},
	booktitle={International conference on algorithmic learning theory},
	pages={63--77},
	year={2005},
	organization={Springer}
}


@article{cortes2012algorithms,
	title={Algorithms for learning kernels based on centered alignment},
	author={Cortes, Corinna and Mohri, Mehryar and Rostamizadeh, Afshin},
	journal={The Journal of Machine Learning Research},
	volume={13},
	pages={795--828},
	year={2012},
	publisher={JMLR. org}
}

@article{cristianini2001kernel,
	title={On kernel-target alignment},
	author={Cristianini, Nello and Shawe-Taylor, John and Elisseeff, Andre and Kandola, Jaz},
	journal={Advances in neural information processing systems},
	volume={14},
	year={2001}
}

@article{cui2022deconfounded,
	title={Deconfounded representation similarity for comparison of neural networks},
	author={Cui, Tianyu and Kumar, Yogesh and Marttinen, Pekka and Kaski, Samuel},
	journal={Advances in Neural Information Processing Systems},
	volume={35},
	pages={19138--19151},
	year={2022}
}

@article{lecun1998gradient,
	title={Gradient-based learning applied to document recognition},
	author={LeCun, Yann and Bottou, L{\'e}on and Bengio, Yoshua and Haffner, Patrick},
	journal={Proceedings of the IEEE},
	volume={86},
	number={11},
	pages={2278--2324},
	year={1998},
	publisher={Ieee}
}

@article{krizhevsky2009learning,
	title={Learning multiple layers of features from tiny images},
	author={Krizhevsky, Alex and Hinton, Geoffrey and others},
	year={2009},
	publisher={Toronto, ON, Canada}
}

@article{darlow2018cinic,
	title={Cinic-10 is not imagenet or cifar-10},
	author={Darlow, Luke N and Crowley, Elliot J and Antoniou, Antreas and Storkey, Amos J},
	journal={arXiv preprint arXiv:1810.03505},
	year={2018}
}

@article{caldas2018leaf,
	title={Leaf: A benchmark for federated settings},
	author={Caldas, Sebastian and Duddu, Sai Meher Karthik and Wu, Peter and Li, Tian and Kone{\v{c}}n{\`y}, Jakub and McMahan, H Brendan and Smith, Virginia and Talwalkar, Ameet},
	journal={arXiv preprint arXiv:1812.01097},
	year={2018}
}

@article{holzer2023dynamically,
	title={Dynamically Weighted Federated k-Means},
	author={Holzer, Patrick and Jacob, Tania and Kavane, Shubham},
	journal={arXiv preprint arXiv:2310.14858},
	year={2023}
}

@misc{Evan2022CIFAR10,
	title={CIFAR10 with Fast.ai},
	author={Evan Marie Carr},
	howpublished ={https://www.evanmarie.com/cifar10-with-fast-ai/},
	note = {\color{black}{[Accessed: 4 May 2024]}},
	year={\color{black}{16 Nov 2022}},
	publisher={\color{black}{Evan Marie Blog}},
}

@misc{hellström2022wirelessmachinelearning,
	title={Wireless for Machine Learning}, 
	author={Henrik Hellström and José Mairton B. da Silva Jr au2 and Mohammad Mohammadi Amiri and Mingzhe Chen and Viktoria Fodor and H. Vincent Poor and Carlo Fischione},
	year={2022},
	eprint={2008.13492},
	archivePrefix={arXiv},
	primaryClass={eess.SP},
	url={https://arxiv.org/abs/2008.13492}, 
}


@misc{AIT2024Deep,
	title={Deep Learning, Welcome to the future!},
	author={AIT Goehner},
	howpublished ={https://www.ait.de/en/deep-learning/},
	note = {\color{black}{[Accessed: 12 May 2024]}},
	publisher={\color{black}{AIT Goehner}},
}


@misc{gavrilova2020artificial,
	title={Artificial Intelligence vs. Machine Learning vs. Deep Learning: Essentials},
	author={Yulia Gavrilova},
	howpublished ={https://serokell.io/blog/ai-ml-dl-difference},
	note = {\color{black}{[Accessed: 5 Apr 2024]}},
	year={\color{black}{8th Apr 2020}},
	publisher={\color{black}{Serokell Blog}},
}


@article{paszke2019pytorch,
	title={Pytorch: An imperative style, high-performance deep learning library},
	author={Paszke, Adam and Gross, Sam and Massa, Francisco and Lerer, Adam and Bradbury, James and Chanan, Gregory and Killeen, Trevor and Lin, Zeming and Gimelshein, Natalia and Antiga, Luca and others},
	journal={Advances in neural information processing systems},
	volume={32},
	year={2019}
}


@article{beutel2020flower,
	title={Flower: A friendly federated learning research framework},
	author={Beutel, Daniel J and Topal, Taner and Mathur, Akhil and Qiu, Xinchi and Fernandez-Marques, Javier and Gao, Yan and Sani, Lorenzo and Li, Kwing Hei and Parcollet, Titouan and de Gusm{\~a}o, Pedro Porto Buarque and others},
	journal={arXiv preprint arXiv:2007.14390},
	year={2020}
}


@article{ziller2021pysyft,
	title={Pysyft: A library for easy federated learning},
	author={Ziller, Alexander and Trask, Andrew and Lopardo, Antonio and Szymkow, Benjamin and Wagner, Bobby and Bluemke, Emma and Nounahon, Jean-Mickael and Passerat-Palmbach, Jonathan and Prakash, Kritika and Rose, Nick and others},
	journal={Federated Learning Systems: Towards Next-Generation AI},
	pages={111--139},
	year={2021},
	publisher={Springer}
}


@misc{unknown2018tensorFlow,
	title={TensorFlow Federated},
	author={Unknown},
	howpublished ={https://github.com/google-parfait/tensorflow-federated},
	note = {\color{black}{[Accessed: 13 Mar 2022]}},
	year={\color{black}{13 Dec 2018}},
	publisher={\color{black}{Google AI}},
}


@inproceedings{abadi2016tensorflow,
	title={$\{$TensorFlow$\}$: a system for $\{$Large-Scale$\}$ machine learning},
	author={Abadi, Mart{\'\i}n and Barham, Paul and Chen, Jianmin and Chen, Zhifeng and Davis, Andy and Dean, Jeffrey and Devin, Matthieu and Ghemawat, Sanjay and Irving, Geoffrey and Isard, Michael and others},
	booktitle={12th USENIX symposium on operating systems design and implementation (OSDI 16)},
	pages={265--283},
	year={2016}
}